
@BOOKLET{TP,
   author = "{TP}: {T}utorials {P}oint",
   title = "{Java} Tutorial, Simply Easy Learning",
   language = "english",
   annote = "Tutorial extens sobre {Java} i les seves característiques bàsiques",
   howpublished = "\url{http://tutorialspoint.com/}",
   note = "[Online;  consultada el 23/04/2013]"
}
@BOOKLET{PF05,
   author = "Paul Fisher",
   title = "An Introduction to {G}raphical {U}ser {I}nterfaces with {Java} {Swing}",
   language = "english",
   address = "Edinburgh Gate, Harlow, Essex CM20 2JE, England",
   year = 2005,
   howpublished = "Pearson Education",
   note ="ISBN: 0321220706",
   annote = "Introducció a la creació de interfícies gràfiques mitjançant {Swing}"
}



%%%%%%%%%%%%%%%%%%%%%%%%%%%%%%%%%%%%%%%%%%%%%%%%%%%%%%%%%%%%%
%%%%%%%%%%%%%  URL %%%%%%%%%%%%%%%%%%%%%%%%%%%%%%%%%%%%%%%%%%
%%%%%%%%%%%%%%%%%%%%%%%%%%%%%%%%%%%%%%%%%%%%%%%%%%%%%%%%%%%%%

@article{McCarthy_Minsky_Rochester_Shannon_2006,
  title={A Proposal for the Dartmouth Summer Research Project on Artificial Intelligence, August 31, 1955},
  volume={27},
  note="\url{https://ojs.aaai.org/aimagazine/index.php/aimagazine/article/view/1904}",
  DOI={10.1609/aimag.v27i4.1904},
  abstractNote={The 1956 Dartmouth summer research project on artificial intelligence was initiated by this August 31, 1955 proposal, authored by John McCarthy, Marvin Minsky, Nathaniel Rochester, and Claude Shannon. The original typescript consisted of 17 pages plus a title page. Copies of the typescript are housed in the archives at Dartmouth College and Stanford University. The first 5 papers state the proposal, and the remaining pages give qualifications and interests of the four who proposed the study. In the interest of brevity, this article reproduces only the proposal itself, along with the short autobiographical statements of the proposers.},
  number={4},
  journal={AI Magazine},
  author={McCarthy, John and Minsky, Marvin L. and Rochester, Nathaniel and Shannon, Claude E.},
  year={2006},
  month={Dec.},
  pages={12}
  }

@article{10.1093/mind/LIX.236.433,
    author = {TURING, A. M.},
    title = {I.-COMPUTING MACHINERY AND INTELLIGENCE},
    journal = {Mind},
    volume = {LIX},
    number = {236},
    pages = {433-460},
    year = {1950},
    month = {10},
    issn = {0026-4423},
    doi = {10.1093/mind/LIX.236.433},
    note = "\url{https://doi.org/10.1093/mind/LIX.236.433}",
    eprint = {https://academic.oup.com/mind/article-pdf/LIX/236/433/61209000/mind\_lix\_236\_433.pdf},
}
@misc{deepblue,
   author = "Ajedrez y Garry Kasparov",
   title = "El día que Kasparov perdió contra Deep Blue",
   howpublished = "https://ethic.es/el-dia-que-kasparov-perdio-contra-deep-blue",
   note ="[Online;  consultada el 23/04/2013]",
  }
@misc{git,
  author = {Git community},
  title = {Pàgina web dels creadors del Git},
  howpublished = "\url{https://git-scm.com/}",
  note = "[Online;  consultada el 25/07/2025]"
}

@misc{chatGPT2022,
  author = {OpenAI},
  title = {Introducing ChatGPT},
  howpublished = "\url{https://openai.com/index/chatgpt/}",
  note = "[Online;  consultada el 25/07/2025]"
}

@misc{GitHub,
  author = {GitHub Inc.},
  title = {Pàgina web de GitHub},
  howpublished = "\url{https://github.com/}",
  note = "[Online;  consultada el 01/06/2025]"
}

@misc{TR-RJ-2025,
  author = {Rui Chen and Jiajun Xia},
  title = {Repositori web del nostre projecte},
  howpublished = "\url{https://github.com/Rui564/TR-RJ-2025}",
  note = "[Online;  consultada el 10/10/2025]"
}

@misc{GNU-ca,
  author = {Free {S}oftware {F}oundation},
  title = {Pàgina web de {GNU}},
  howpublished = "\url{http://www.gnu.org/home.ca.html}",
  note = "[Online;  consultada el 19/03/2013]"
}


@misc{YJT-en,
  author = {{T}he{N}ew{B}oston},
  title = {Java (Beginner) Programming Tutorials},
  howpublished = "\url{http://www.youtube.com/course?list=ECFE2CE09D83EE3E28 }",
  note = "[Online;  consultada el 20/01/2013]"
}

@misc{kile,
  author = {Kile},
  title = {Pàgina web del projecte de K{}ile a {S}ourceforge},
  howpublished = "\url{http://kile.sourceforge.net/}",
  note = "[Online;  consultada el 04/01/2014]"
 } 

@incollection{bengio2012,
  author = {Bengio, Yoshua},
  title = {Practical Recommendations for Gradient-Based Training of Deep Architectures},
  booktitle = {Neural Networks: Tricks of the Trade},
  editor = {Montavon, Gr{\'e}goire and Orr, Genevi{\`e}ve B. and M{\"u}ller, Klaus-Robert},
  edition = {2nd},
  pages = {437--478},
  publisher = {Springer},
  year = {2012},
  note = {Online; consultat el 09/08/2025 \url{https://doi.org/10.1007/978-3-642-35289-8_26}},
}

@misc{UniversitatEuropea,
  author = {Universidad Europea},
  title = {Qué es un sistema operativo y cómo funciona},
  howpublished = "\url{https://universidadeuropea.com/blog/que-es-sistema-operativo/}",
  note = "[Online;  consultada el 23/07/2025]"
 }

@misc{KDE,
  author = {KDE},
  title = {La comunitat de KDE},
  howpublished = "\url{https://kde.org/ca/}",
  note = "[Online;  consultada el 23/07/2025]"
 } 

@misc{Vim,
  author = {Vim},
  title = {Vim online},
  howpublished = "\url{https://www.vim.org/}",
  note = "[Online;  consultada el 25/07/2025]"
 } 

@misc{IBM_Gradient,
  author = {IBM},
  title = {¿Què és el descenso del gradiente?},
  howpublished = "\url{https://www.ibm.com/es-es/think/topics/gradient-descent}",
  note = "[Online;  consultada el 9/08/2025]"
 }

 @misc{Video_Gradient,
  author = {Dot CSV},
  title = {¿Qué es el Descenso del Gradiente? Algoritmo de Inteligencia Artificial | DotCSV},
  howpublished = "\url{https://www.youtube.com/watch?v=A6FiCDoz8_4}",
  note = "[Online;  consultada el 9/08/2025]"
 }

  @misc{Berkeley,
  author = {University of California, Berkeley},
  title = {What Is Machine Learning (ML)?},
  howpublished = "\url{https://ischoolonline.berkeley.edu/blog/what-is-machine-learning/}",
  note = "[Online;  consultada el 10/08/2025]"
 }

      @misc{Unesco,
  author = {United Nations Educational, Scientific and Cultural Organization},
  title = {Recommendation on the Ethics of Artificial Intelligence},
  howpublished = "\url{https://www.unesco.org/en/legal-affairs/recommendation-ethics-artificial-intelligence?utm_source=chatgpt.com}",
  note = "[Online;  consultada el 12/08/2025]"
 }

   @misc{Nvidia,
  author = {Nvidia},
  title = {SuperVize Me: What’s the Difference Between Supervised, Unsupervised, Semi-Supervised and Reinforcement Learning?},
  howpublished = "\url{https://blogs.nvidia.com/blog/supervised-unsupervised-learning/}",
  note = "[Online;  consultada el 10/08/2025]"
 }


   @misc{INESDI,
  author = {Instituto de innovación digital de las profesiones},
  title = {Tipos de frameworks de IA que debes conocer},
  howpublished = "\url{https://www.inesdi.com/blog/Frameworks-de-IA-que-debes-conocer/}",
  note = "[Online;  consultada el 12/08/2025]"
 }

    @misc{Universitat_oberta_catalunya,
  author = {Wellington Migliari},
  title = {Explicando la Propuesta Normativa para la Regulación del Uso de la Inteligencia Artificial en Unión Europea},
  howpublished = "\url{https://blogs.uoc.edu/digitapia/the-european-unions-artificial-intelligence-act-explained/}",
  note = "[Online;  consultada el 12/08/2025]"
 }

@misc{Generalitat,
  author = {Escola d'administracó públia de Catalunya},
  title = {Intel·ligència artificial i protecció de dades},
  howpublished = "\url{https://formaciooberta.eapc.gencat.cat/contingutsdelscursos/tdp/080_int_artificial/inici.html}",
  note = "[Online;  consultada el 12/08/2025]"
 }

@misc{IBM_machine_learning,
  author = {IBM},
  title = {What is machine learning},
  howpublished = "\url{https://www.ibm.com/think/topics/machine-learning}",
  note = "[Online;  consultada el 12/08/2025]"
 }

      @misc{Ultralytics,
  author = {Ultralytics INC},
  title = {https://www.ultralytics.com/es/blog/understanding-the-impact-of-compute-power-on-ai-innovations},
  howpublished = "\url{https://www.ibm.com/think/topics/machine-learning}",
  note = "[Online;  consultada el 12/08/2025]"
 }

      @misc{AI_Act,
  author = {European Comission},
  title = {AI Act},
  howpublished = "\url{https://digital-strategy.ec.europa.eu/en/policies/regulatory-framework-ai?utm_source=chatgpt.com}",
  note = "[Online;  consultada el 12/08/2025]"
 }

     @misc{IBM_Xarxa,
  author = {IBM},
  title = {Conceptos básicos (redes neuronales)},
  howpublished = "\url{https://www.ibm.com/docs/es/spss-modeler/saas?topic=networks-basics-neural}",
  note = "[Online;  consultada el 16/08/2025]"
 }

     @misc{Hidden_layer,
  author = {Universitat de ciències i tecnologia},
  title = {Hidden layer},
  howpublished = "\url{https://msmk.university/hidden-layer/}",
  note = "[Online;  consultada el 16/08/2025]"
 }

     @misc{linkedin,
  author = {Sergei plis, Constantine Shukyak, Raghurami Etukuru},
  title = {Hidden layer},
  howpublished = "\url{¿Cuáles son algunos ejemplos de modelos lineales y no lineales en aplicaciones del mundo real?}",
  note = "[Online;  consultada el 16/08/2025]"
 }

     @misc{Jacar,
  author = {Javi},
  title = {La Función Sigmoide: Una Herramienta Clave en Redes Neuronales},
  howpublished = "\url{https://jacar.es/la-funcion-sigmoide-una-herramienta-clave-en-redes-neuronales/}",
  note = "[Online;  consultada el 18/08/2025]"
 }

      @misc{IMB_Xarxa_neuronal,
  author = {IBM},
  title = {¿Qué son las redes neuronales?},
  howpublished = "\url{https://www.ibm.com/es-es/think/topics/neural-networks}",
  note = "[Online;  consultada el 18/08/2025]"
 }

  @misc{valencia,
  author = {Universidad internacional de Valencia},
  title = {¿Cómo funciona un algoritmo de backpropagation?},
  howpublished = "\url{https://www.universidadviu.com/es/actualidad/nuestros-expertos/como-funciona-un-algoritmo-de-backpropagation#que-es-backpropagation\}\{Universitat%20internacional%20de%20val%C3%A8ncia}",
  note = "[Online;  consultada el 19/08/2025]"
 }

 @misc{Retropropagacio,
  author = {Universitat de ciències i tecnologia},
  title = {Retropropagación: Aprendizaje Supervisado},
  howpublished = "\url{https://msmk.university/backpropagation/}",
  note = "[Online;  consultada el 19/08/2025]"
  }



@misc{ManualdeLaTeX,
  author = {Latex},
  title = {Latex},
  howpublished = "\url{https://manualdelatex.com/}",
  note = "[Online;  consultada el 19/08/2025]"
  }


@misc{WikipediaWYSIWYG,
  author = {Anónim},
  title = {WYSIWYG},
  howpublished = {\url{https://es.wikipedia.org/wiki/WYSIWYG}},
  note = "[Online; consultada el 19/08/2025]"
}



@misc{Wix(WYSWYG),
  author = {Wix},
  title = {WYSIWYG},
  howpublished = "\url{https://www.wix.com/encyclopedia/definition/wysiwyg}",
  note = "[Online;  consultada el 19/08/2025]"
  }


@misc{Wikipedia(WYSWYM),
  author = {Anónim},
  title = {WYSIWYM},
  howpublished = "\url{https://en.wikipedia.org/wiki/WYSIWYM}",
  note = "[Online;  consultada el 19/08/2025]"
  }


 @misc{ wiki:xxx,
   autor = "EcuRed",
   título = "WYSIWYM --- EcuRed{,} ",
   año = "2012",
   url = "https://www.ecured.cu/index.php?title=WYSIWYM&oldid=1413867",
   nota = "[En línea; consultado el 11-septiembre-2025]"
 }




@misc{FREESOFTWAREFUNDATION,
  author = {Edward Snowden},
  title = {FREE SOFTWARE FUNDATION},
  howpublished = "\url{https://www.fsf.org/}",
  note = "[Online;  consultada el 19/08/2025]"
  }




@misc{PaginaoficialdelGit,
  author = {Git},
  title = {About},
  howpublished = "\url{https://git-scm.com/about/branching-and-merging}",
  note = "[Online;  consultada el 19/08/2025]"
  }




@misc{Comparacionsentrecontroldeversions,
  author = {Institut obert de catalunya},
  title = {Sis­te­mes de con­trol de ver­si­ons },
  howpublished = "\url{https://ioc.xtec.cat/materials/FP/Recursos/fp_daw_m08_/web/fp_daw_m08_htmlindex/WebContent/u4/a2/continguts.html}",
  note = "[Online;  consultada el 19/08/2025]"
  }


@misc{blocdecriticad'undesenvolupador,
  author = {steveko},
  title = {Steve Bennett blogs},
  howpublished = "\url{https://stevebennett.me/2012/02/24/10-things-i-hate-about-git/}",
  note = "[Online;  consultada el 19/08/2025]"
  }

@misc{FundacióEclipse,
  author = {Eclipse},
  title = {Eclipse IDE},
  howpublished = "\url{https://eclipseide.org/}",
  note = "[Online;  consultada el 19/08/2025]"
  }


@misc{VSCodeilessevesavantatges,
  author = {arsys},
  title = {¿Qué es Visual Studio Code y cuáles son sus ventajas?},
  howpublished = "\url{https://www.arsys.es/blog/que-es-visual-studio-code-y-cuales-son-sus-ventajas}",
  note = "[Online;  consultada el 19/08/2025]"
  }

@misc{Totl'hoquehasdesaberdelPycharm,
  author = {DataScientest},
  title = {PyCharm : Todo sobre el IDE de Python más popular},
  howpublished = "\url{https://datascientest.com/es/pycharm}",
  note = "[Online;  consultada el 19/08/2025]"
  }



@misc{ToteslesnovetatsdePycharm,
  author = {Pycharm},
  title = { What’s New in PyCharm 2025.2 },
  howpublished = "\url{https://www.jetbrains.com/pycharm/whatsnew/#}",
  note = "[Online;  consultada el 19/08/2025]"
  }



@misc{,
  author = {},
  title = {},
  howpublished = "\url{}",
  note = "[Online;  consultada el 19/08/2025]"
  }



@misc{,
  author = {},
  title = {},
  howpublished = "\url{}",
  note = "[Online;  consultada el 19/08/2025]"
  }



@misc{,
  author = {},
  title = {},
  howpublished = "\url{}",
  note = "[Online;  consultada el 19/08/2025]"
  }













